@MISC{scipy,
  author =    {Eric Jones and Travis Oliphant and Pearu Peterson and others},
  title =     {{SciPy}: Open source scientific tools for {Python}},
  year =      {2001},
  url = "http://www.scipy.org/",
  note = {[Online; accessed <today>]}
}

@ARTICLE{numpy,
       author = {{van der Walt}, St{\'e}fan and {Colbert}, S. Chris and
         {Varoquaux}, Ga{\"e}l},
        title = "{The NumPy Array: A Structure for Efficient Numerical Computation}",
      journal = {Computing in Science and Engineering},
     keywords = {Computer Science - Mathematical Software},
         year = "2011",
        month = "Mar",
       volume = {13},
       number = {2},
        pages = {22-30},
          doi = {10.1109/MCSE.2011.37},
archivePrefix = {arXiv},
       eprint = {1102.1523},
 primaryClass = {cs.MS},
       adsurl = {https://ui.adsabs.harvard.edu/abs/2011CSE....13b..22V},
      adsnote = {Provided by the SAO/NASA Astrophysics Data System}
}

@ARTICLE{matplotlib,
       author = {{Hunter}, John D.},
        title = "{Matplotlib: A 2D Graphics Environment}",
      journal = {Computing in Science and Engineering},
     keywords = {Python, Scripting languages, Application development, Scientific programming},
         year = "2007",
        month = "May",
       volume = {9},
       number = {3},
        pages = {90-95},
          doi = {10.1109/MCSE.2007.55},
       adsurl = {https://ui.adsabs.harvard.edu/abs/2007CSE.....9...90H},
      adsnote = {Provided by the SAO/NASA Astrophysics Data System}
}

@InProceedings{ pandas,
  author    = { Wes McKinney },
  title     = { Data Structures for Statistical Computing in Python },
  booktitle = { Proceedings of the 9th Python in Science Conference },
  pages     = { 51 - 56 },
  year      = { 2010 },
  editor    = { St\'efan van der Walt and Jarrod Millman }
}

@ARTICLE{Luger2021,
       author = {{Luger}, Rodrigo and {Bedell}, Megan and {Foreman-Mackey}, Daniel and {Crossfield}, Ian J.~M. and {Zhao}, Lily L. and {Hogg}, David W.},
        title = "{Mapping stellar surfaces III: An Efficient, Scalable, and Open-Source Doppler Imaging Model}",
      journal = {arXiv e-prints},
     keywords = {Astrophysics - Solar and Stellar Astrophysics, Astrophysics - Earth and Planetary Astrophysics, Astrophysics - Instrumentation and Methods for Astrophysics},
         year = 2021,
        month = oct,
          eid = {arXiv:2110.06271},
        pages = {arXiv:2110.06271},
archivePrefix = {arXiv},
       eprint = {2110.06271},
 primaryClass = {astro-ph.SR},
       adsurl = {https://ui.adsabs.harvard.edu/abs/2021arXiv211006271L},
      adsnote = {Provided by the SAO/NASA Astrophysics Data System}
}
@ARTICLE{Bavera2020,
       author = {{Bavera}, Simone S. and {Fragos}, Tassos and {Qin}, Ying and {Zapartas}, Emmanouil and {Neijssel}, Coenraad J. and {Mandel}, Ilya and {Batta}, Aldo and {Gaebel}, Sebastian M. and {Kimball}, Chase and {Stevenson}, Simon},
        title = "{The origin of spin in binary black holes. Predicting the distributions of the main observables of Advanced LIGO}",
      journal = {\aap},
     keywords = {stars: black holes, gravitational waves, binaries close, black hole physics, Astrophysics - High Energy Astrophysical Phenomena},
         year = 2020,
        month = mar,
       volume = {635},
          eid = {A97},
        pages = {A97},
          doi = {10.1051/0004-6361/201936204},
archivePrefix = {arXiv},
       eprint = {1906.12257},
 primaryClass = {astro-ph.HE},
       adsurl = {https://ui.adsabs.harvard.edu/abs/2020A&A...635A..97B},
      adsnote = {Provided by the SAO/NASA Astrophysics Data System}
}

@ARTICLE{Fuller2019,
       author = {{Fuller}, Jim and {Ma}, Linhao},
        title = "{Most Black Holes Are Born Very Slowly Rotating}",
      journal = {\apjl},
     keywords = {Massive stars, Stellar mass black holes, Stellar rotation, Rotating black holes, Stellar evolutionary models, Solar evolution, Magnetohydrodynamics, Astrophysical fluid dynamics, 732, 1611, 1629, 1406, 2046, 1492, 1964, 101, Astrophysics - Solar and Stellar Astrophysics, Astrophysics - High Energy Astrophysical Phenomena, General Relativity and Quantum Cosmology},
         year = 2019,
        month = aug,
       volume = {881},
       number = {1},
          eid = {L1},
        pages = {L1},
          doi = {10.3847/2041-8213/ab339b},
archivePrefix = {arXiv},
       eprint = {1907.03714},
 primaryClass = {astro-ph.SR},
       adsurl = {https://ui.adsabs.harvard.edu/abs/2019ApJ...881L...1F},
      adsnote = {Provided by the SAO/NASA Astrophysics Data System}
}

@ARTICLE{Woosley2017,
       author = {{Woosley}, S.~E.},
        title = "{Pulsational Pair-instability Supernovae}",
      journal = {\apj},
     keywords = {stars: black holes, stars: evolution, gravitational waves, hydrodynamics, nuclear reactions, nucleosynthesis, abundances, supernovae: general, Astrophysics - High Energy Astrophysical Phenomena, Astrophysics - Solar and Stellar Astrophysics},
         year = 2017,
        month = feb,
       volume = {836},
       number = {2},
          eid = {244},
        pages = {244},
          doi = {10.3847/1538-4357/836/2/244},
archivePrefix = {arXiv},
       eprint = {1608.08939},
 primaryClass = {astro-ph.HE},
       adsurl = {https://ui.adsabs.harvard.edu/abs/2017ApJ...836..244W},
      adsnote = {Provided by the SAO/NASA Astrophysics Data System}
}

@ARTICLE{Farmer2019,
       author = {{Farmer}, R. and {Renzo}, M. and {de Mink}, S.~E. and {Marchant}, P. and {Justham}, S.},
        title = "{Mind the Gap: The Location of the Lower Edge of the Pair-instability Supernova Black Hole Mass Gap}",
      journal = {\apj},
     keywords = {Massive stars, Stellar mass loss, Supernovae, Astrophysical black holes, Stellar mass black holes, Stellar evolution, 732, 1613, 1668, 98, 1611, 1599, Astrophysics - Solar and Stellar Astrophysics, Astrophysics - High Energy Astrophysical Phenomena},
         year = 2019,
        month = dec,
       volume = {887},
       number = {1},
          eid = {53},
        pages = {53},
          doi = {10.3847/1538-4357/ab518b},
archivePrefix = {arXiv},
       eprint = {1910.12874},
 primaryClass = {astro-ph.SR},
       adsurl = {https://ui.adsabs.harvard.edu/abs/2019ApJ...887...53F},
      adsnote = {Provided by the SAO/NASA Astrophysics Data System}
}

@ARTICLE{Wong2021,
       author = {{Wong}, Kaze W.~K. and {Breivik}, Katelyn and {Kremer}, Kyle and {Callister}, Thomas},
        title = "{Joint constraints on the field-cluster mixing fraction, common envelope efficiency, and globular cluster radii from a population of binary hole mergers via deep learning}",
      journal = {\prd},
     keywords = {Astrophysics - High Energy Astrophysical Phenomena, General Relativity and Quantum Cosmology},
         year = 2021,
        month = apr,
       volume = {103},
       number = {8},
          eid = {083021},
        pages = {083021},
          doi = {10.1103/PhysRevD.103.083021},
archivePrefix = {arXiv},
       eprint = {2011.03564},
 primaryClass = {astro-ph.HE},
       adsurl = {https://ui.adsabs.harvard.edu/abs/2021PhRvD.103h3021W},
      adsnote = {Provided by the SAO/NASA Astrophysics Data System}
}

@ARTICLE{Bird2016,
       author = {{Bird}, Simeon and {Cholis}, Ilias and {Mu{\~n}oz}, Julian B. and {Ali-Ha{\"\i}moud}, Yacine and {Kamionkowski}, Marc and {Kovetz}, Ely D. and {Raccanelli}, Alvise and {Riess}, Adam G.},
        title = "{Did LIGO Detect Dark Matter?}",
      journal = {\prl},
     keywords = {Astrophysics - Cosmology and Nongalactic Astrophysics, High Energy Physics - Phenomenology},
         year = 2016,
        month = may,
       volume = {116},
       number = {20},
          eid = {201301},
        pages = {201301},
          doi = {10.1103/PhysRevLett.116.201301},
archivePrefix = {arXiv},
       eprint = {1603.00464},
 primaryClass = {astro-ph.CO},
       adsurl = {https://ui.adsabs.harvard.edu/abs/2016PhRvL.116t1301B},
      adsnote = {Provided by the SAO/NASA Astrophysics Data System}
}

@ARTICLE{AliHaimoud2017,
       author = {{Ali-Ha{\"\i}moud}, Yacine and {Kovetz}, Ely D. and {Kamionkowski}, Marc},
        title = "{Merger rate of primordial black-hole binaries}",
      journal = {\prd},
     keywords = {Astrophysics - Cosmology and Nongalactic Astrophysics, General Relativity and Quantum Cosmology, High Energy Physics - Phenomenology},
         year = 2017,
        month = dec,
       volume = {96},
       number = {12},
          eid = {123523},
        pages = {123523},
          doi = {10.1103/PhysRevD.96.123523},
archivePrefix = {arXiv},
       eprint = {1709.06576},
 primaryClass = {astro-ph.CO},
       adsurl = {https://ui.adsabs.harvard.edu/abs/2017PhRvD..96l3523A},
      adsnote = {Provided by the SAO/NASA Astrophysics Data System}
}

@ARTICLE{Secunda2020,
       author = {{Secunda}, Amy and {Bellovary}, Jillian and {Mac Low}, Mordecai-Mark and {Ford}, K.~E. Saavik and {McKernan}, Barry and {Leigh}, Nathan W.~C. and {Lyra}, Wladimir and {S{\'a}ndor}, Zsolt and {Adorno}, Jose I.},
        title = "{Orbital Migration of Interacting Stellar Mass Black Holes in Disks around Supermassive Black Holes. II. Spins and Incoming Objects}",
      journal = {\apj},
     keywords = {Black hole physics, Active galactic nuclei, LIGO, Intermediate-mass black holes, Supermassive black holes, 159, 16, 920, 816, 1663, Astrophysics - High Energy Astrophysical Phenomena, Astrophysics - Astrophysics of Galaxies},
         year = 2020,
        month = nov,
       volume = {903},
       number = {2},
          eid = {133},
        pages = {133},
          doi = {10.3847/1538-4357/abbc1d},
archivePrefix = {arXiv},
       eprint = {2004.11936},
 primaryClass = {astro-ph.HE},
       adsurl = {https://ui.adsabs.harvard.edu/abs/2020ApJ...903..133S},
      adsnote = {Provided by the SAO/NASA Astrophysics Data System}
}

@ARTICLE{Ford2021,
       author = {{Ford}, K.~E. Saavik and {McKernan}, Barry},
        title = "{Binary Black Hole Merger Rates in AGN Disks versus Nuclear Star Clusters: Loud beats Quiet}",
      journal = {arXiv e-prints},
     keywords = {Astrophysics - High Energy Astrophysical Phenomena, Astrophysics - Astrophysics of Galaxies},
         year = 2021,
        month = sep,
          eid = {arXiv:2109.03212},
        pages = {arXiv:2109.03212},
archivePrefix = {arXiv},
       eprint = {2109.03212},
 primaryClass = {astro-ph.HE},
       adsurl = {https://ui.adsabs.harvard.edu/abs/2021arXiv210903212F},
      adsnote = {Provided by the SAO/NASA Astrophysics Data System}
}

@ARTICLE{McKernan2020,
       author = {{McKernan}, B. and {Ford}, K.~E.~S. and {O'Shaughnessy}, R.},
        title = "{Black hole, neutron star, and white dwarf merger rates in AGN discs}",
      journal = {\mnras},
     keywords = {binaries: general, galaxies: active, gravitational waves, accretion, accretion discs, stars: black holes, stars: neutron stars, Astrophysics - High Energy Astrophysical Phenomena, Astrophysics - Astrophysics of Galaxies},
         year = 2020,
        month = nov,
       volume = {498},
       number = {3},
        pages = {4088-4094},
          doi = {10.1093/mnras/staa2681},
archivePrefix = {arXiv},
       eprint = {2002.00046},
 primaryClass = {astro-ph.HE},
       adsurl = {https://ui.adsabs.harvard.edu/abs/2020MNRAS.498.4088M},
      adsnote = {Provided by the SAO/NASA Astrophysics Data System}
}

@ARTICLE{McKernan2018,
       author = {{McKernan}, Barry and {Ford}, K.~E. Saavik and {Bellovary}, J. and {Leigh}, N.~W.~C. and {Haiman}, Z. and {Kocsis}, B. and {Lyra}, W. and {Mac Low}, M. -M. and {Metzger}, B. and {O'Dowd}, M. and {Endlich}, S. and {Rosen}, D.~J.},
        title = "{Constraining Stellar-mass Black Hole Mergers in AGN Disks Detectable with LIGO}",
      journal = {\apj},
     keywords = {accretion, accretion disks, binaries: close, black hole physics, galaxies: active, gravitational waves, Astrophysics - High Energy Astrophysical Phenomena, Astrophysics - Astrophysics of Galaxies, General Relativity and Quantum Cosmology},
         year = 2018,
        month = oct,
       volume = {866},
       number = {1},
          eid = {66},
        pages = {66},
          doi = {10.3847/1538-4357/aadae5},
archivePrefix = {arXiv},
       eprint = {1702.07818},
 primaryClass = {astro-ph.HE},
       adsurl = {https://ui.adsabs.harvard.edu/abs/2018ApJ...866...66M},
      adsnote = {Provided by the SAO/NASA Astrophysics Data System}
}

@ARTICLE{Banerjee2017,
       author = {{Banerjee}, Sambaran},
        title = "{Stellar-mass black holes in young massive and open stellar clusters and their role in gravitational-wave generation}",
      journal = {\mnras},
     keywords = {open clusters and associations: general, globular clusters: general, stars: kinematics and dynamics, stars: black holes, methods: numerical, gravitational waves, Astrophysics - High Energy Astrophysical Phenomena, Astrophysics - Astrophysics of Galaxies},
         year = 2017,
        month = may,
       volume = {467},
       number = {1},
        pages = {524-539},
          doi = {10.1093/mnras/stw3392},
archivePrefix = {arXiv},
       eprint = {1611.09357},
 primaryClass = {astro-ph.HE},
       adsurl = {https://ui.adsabs.harvard.edu/abs/2017MNRAS.467..524B},
      adsnote = {Provided by the SAO/NASA Astrophysics Data System}
}

@ARTICLE{Askar2017,
       author = {{Askar}, Abbas and {Szkudlarek}, Magdalena and {Gondek-Rosi{\'n}ska}, Dorota and {Giersz}, Mirek and {Bulik}, Tomasz},
        title = "{MOCCA-SURVEY Database - I. Coalescing binary black holes originating from globular clusters}",
      journal = {\mnras},
     keywords = {gravitational waves, methods: numerical, binaries: general, stars: black holes, globular clusters: general, Astrophysics - High Energy Astrophysical Phenomena, Astrophysics - Astrophysics of Galaxies},
         year = 2017,
        month = jan,
       volume = {464},
       number = {1},
        pages = {L36-L40},
          doi = {10.1093/mnrasl/slw177},
archivePrefix = {arXiv},
       eprint = {1608.02520},
 primaryClass = {astro-ph.HE},
       adsurl = {https://ui.adsabs.harvard.edu/abs/2017MNRAS.464L..36A},
      adsnote = {Provided by the SAO/NASA Astrophysics Data System}
}

@ARTICLE{deMink2016,
       author = {{de Mink}, S.~E. and {Mandel}, I.},
        title = "{The chemically homogeneous evolutionary channel for binary black hole mergers: rates and properties of gravitational-wave events detectable by advanced LIGO}",
      journal = {\mnras},
     keywords = {gravitational waves, binaries: close, stars: black holes, stars: massive, Astrophysics - High Energy Astrophysical Phenomena, Astrophysics - Solar and Stellar Astrophysics},
         year = 2016,
        month = aug,
       volume = {460},
       number = {4},
        pages = {3545-3553},
          doi = {10.1093/mnras/stw1219},
archivePrefix = {arXiv},
       eprint = {1603.02291},
 primaryClass = {astro-ph.HE},
       adsurl = {https://ui.adsabs.harvard.edu/abs/2016MNRAS.460.3545D},
      adsnote = {Provided by the SAO/NASA Astrophysics Data System}
}

@ARTICLE{Marchant2016,
       author = {{Marchant}, Pablo and {Langer}, Norbert and {Podsiadlowski}, Philipp and {Tauris}, Thomas M. and {Moriya}, Takashi J.},
        title = "{A new route towards merging massive black holes}",
      journal = {\aap},
     keywords = {binaries: close, stars: rotation, stars: black holes, stars: massive, gravitational waves, Astrophysics - Solar and Stellar Astrophysics, Astrophysics - High Energy Astrophysical Phenomena},
         year = 2016,
        month = apr,
       volume = {588},
          eid = {A50},
        pages = {A50},
          doi = {10.1051/0004-6361/201628133},
archivePrefix = {arXiv},
       eprint = {1601.03718},
 primaryClass = {astro-ph.SR},
       adsurl = {https://ui.adsabs.harvard.edu/abs/2016A&A...588A..50M},
      adsnote = {Provided by the SAO/NASA Astrophysics Data System}
}

@ARTICLE{VignaGomez2021,
       author = {{Vigna-G{\'o}mez}, Alejandro and {Toonen}, Silvia and {Ramirez-Ruiz}, Enrico and {Leigh}, Nathan W.~C. and {Riley}, Jeff and {Haster}, Carl-Johan},
        title = "{Massive Stellar Triples Leading to Sequential Binary Black Hole Mergers in the Field}",
      journal = {\apjl},
     keywords = {Astrophysical black holes, 98, Astrophysics - High Energy Astrophysical Phenomena, Astrophysics - Solar and Stellar Astrophysics},
         year = 2021,
        month = jan,
       volume = {907},
       number = {1},
          eid = {L19},
        pages = {L19},
          doi = {10.3847/2041-8213/abd5b7},
archivePrefix = {arXiv},
       eprint = {2010.13669},
 primaryClass = {astro-ph.HE},
       adsurl = {https://ui.adsabs.harvard.edu/abs/2021ApJ...907L..19V},
      adsnote = {Provided by the SAO/NASA Astrophysics Data System}
}

@ARTICLE{Fragione2019,
       author = {{Fragione}, Giacomo and {Kocsis}, Bence},
        title = "{Black hole mergers from quadruples}",
      journal = {\mnras},
     keywords = {black hole physics, stars: kinematics and dynamics, Galaxy: kinematics and dynamics, galaxies: star clusters: general, Astrophysics - Astrophysics of Galaxies, Astrophysics - High Energy Astrophysical Phenomena},
         year = 2019,
        month = jul,
       volume = {486},
       number = {4},
        pages = {4781-4789},
          doi = {10.1093/mnras/stz1175},
archivePrefix = {arXiv},
       eprint = {1903.03112},
 primaryClass = {astro-ph.GA},
       adsurl = {https://ui.adsabs.harvard.edu/abs/2019MNRAS.486.4781F},
      adsnote = {Provided by the SAO/NASA Astrophysics Data System}
}

@ARTICLE{Silsbee2017,
       author = {{Silsbee}, Kedron and {Tremaine}, Scott},
        title = "{Lidov-Kozai Cycles with Gravitational Radiation: Merging Black Holes in Isolated Triple Systems}",
      journal = {\apj},
     keywords = {binaries: general, black hole physics, gravitational waves, stars: black holes, stars: kinematics and dynamics, Astrophysics - High Energy Astrophysical Phenomena},
         year = 2017,
        month = feb,
       volume = {836},
       number = {1},
          eid = {39},
        pages = {39},
          doi = {10.3847/1538-4357/aa5729},
archivePrefix = {arXiv},
       eprint = {1608.07642},
 primaryClass = {astro-ph.HE},
       adsurl = {https://ui.adsabs.harvard.edu/abs/2017ApJ...836...39S},
      adsnote = {Provided by the SAO/NASA Astrophysics Data System}
}

@ARTICLE{Antonini2017,
       author = {{Antonini}, Fabio and {Toonen}, Silvia and {Hamers}, Adrian S.},
        title = "{Binary Black Hole Mergers from Field Triples: Properties, Rates, and the Impact of Stellar Evolution}",
      journal = {\apj},
     keywords = {stars: black holes, stars: massive, Astrophysics - Astrophysics of Galaxies, General Relativity and Quantum Cosmology},
         year = 2017,
        month = jun,
       volume = {841},
       number = {2},
          eid = {77},
        pages = {77},
          doi = {10.3847/1538-4357/aa6f5e},
archivePrefix = {arXiv},
       eprint = {1703.06614},
 primaryClass = {astro-ph.GA},
       adsurl = {https://ui.adsabs.harvard.edu/abs/2017ApJ...841...77A},
      adsnote = {Provided by the SAO/NASA Astrophysics Data System}
}

@ARTICLE{Mandel2016,
       author = {{Mandel}, Ilya and {de Mink}, Selma E.},
        title = "{Merging binary black holes formed through chemically homogeneous evolution in short-period stellar binaries}",
      journal = {\mnras},
     keywords = {gravitational waves, binaries: close, stars: black holes, stars: massive, stars: rotation, Astrophysics - High Energy Astrophysical Phenomena, Astrophysics - Solar and Stellar Astrophysics},
         year = 2016,
        month = may,
       volume = {458},
       number = {3},
        pages = {2634-2647},
          doi = {10.1093/mnras/stw379},
archivePrefix = {arXiv},
       eprint = {1601.00007},
 primaryClass = {astro-ph.HE},
       adsurl = {https://ui.adsabs.harvard.edu/abs/2016MNRAS.458.2634M},
      adsnote = {Provided by the SAO/NASA Astrophysics Data System}
}

@ARTICLE{Tanikawa2021,
       author = {{Tanikawa}, Ataru and {Susa}, Hajime and {Yoshida}, Takashi and {Trani}, Alessandro A. and {Kinugawa}, Tomoya},
        title = "{Merger Rate Density of Population III Binary Black Holes Below, Above, and in the Pair-instability Mass Gap}",
      journal = {\apj},
     keywords = {Astrophysical black holes, Stellar mass black holes, Massive stars, Close binary stars, Common envelope binary stars, Population III stars, Gravitational waves, 98, 1611, 732, 254, 2156, 1285, 678, Astrophysics - High Energy Astrophysical Phenomena, Astrophysics - Solar and Stellar Astrophysics},
         year = 2021,
        month = mar,
       volume = {910},
       number = {1},
          eid = {30},
        pages = {30},
          doi = {10.3847/1538-4357/abe40d},
archivePrefix = {arXiv},
       eprint = {2008.01890},
 primaryClass = {astro-ph.HE},
       adsurl = {https://ui.adsabs.harvard.edu/abs/2021ApJ...910...30T},
      adsnote = {Provided by the SAO/NASA Astrophysics Data System}
}

@ARTICLE{Tanikawa2022,
       author = {{Tanikawa}, Ataru and {Yoshida}, Takashi and {Kinugawa}, Tomoya and {Trani}, Alessandro A. and {Hosokawa}, Takashi and {Susa}, Hajime and {Omukai}, Kazuyuki},
        title = "{Merger Rate Density of Binary Black Holes through Isolated Population I, II, III and Extremely Metal-poor Binary Star Evolution}",
      journal = {\apj},
     keywords = {1611, 98, 678, 732, 1282, 1284, 1285, 254, Astrophysics - High Energy Astrophysical Phenomena, Astrophysics - Astrophysics of Galaxies, Astrophysics - Solar and Stellar Astrophysics},
         year = 2022,
        month = feb,
       volume = {926},
       number = {1},
          eid = {83},
        pages = {83},
          doi = {10.3847/1538-4357/ac4247},
archivePrefix = {arXiv},
       eprint = {2110.10846},
 primaryClass = {astro-ph.HE},
       adsurl = {https://ui.adsabs.harvard.edu/abs/2022ApJ...926...83T},
      adsnote = {Provided by the SAO/NASA Astrophysics Data System}
}

@ARTICLE{Inayoshi2016,
       author = {{Inayoshi}, Kohei and {Kashiyama}, Kazumi and {Visbal}, Eli and {Haiman}, Zolt{\'a}n},
        title = "{Gravitational wave background from Population III binary black holes consistent with cosmic reionization}",
      journal = {\mnras},
     keywords = {black hole physics, gravitational waves, stars: Population III, Astrophysics - Astrophysics of Galaxies, Astrophysics - Cosmology and Nongalactic Astrophysics},
         year = 2016,
        month = sep,
       volume = {461},
       number = {3},
        pages = {2722-2727},
          doi = {10.1093/mnras/stw1431},
archivePrefix = {arXiv},
       eprint = {1603.06921},
 primaryClass = {astro-ph.GA},
       adsurl = {https://ui.adsabs.harvard.edu/abs/2016MNRAS.461.2722I},
      adsnote = {Provided by the SAO/NASA Astrophysics Data System}
}

@ARTICLE{Inayoshi2017,
       author = {{Inayoshi}, Kohei and {Hirai}, Ryosuke and {Kinugawa}, Tomoya and {Hotokezaka}, Kenta},
        title = "{Formation pathway of Population III coalescing binary black holes through stable mass transfer}",
      journal = {\mnras},
     keywords = {black hole physics, gravitational waves, stars: Population III, Astrophysics - High Energy Astrophysical Phenomena, Astrophysics - Cosmology and Nongalactic Astrophysics},
         year = 2017,
        month = jul,
       volume = {468},
       number = {4},
        pages = {5020-5032},
          doi = {10.1093/mnras/stx757},
archivePrefix = {arXiv},
       eprint = {1701.04823},
 primaryClass = {astro-ph.HE},
       adsurl = {https://ui.adsabs.harvard.edu/abs/2017MNRAS.468.5020I},
      adsnote = {Provided by the SAO/NASA Astrophysics Data System}
}

@ARTICLE{Kinugawa2014,
       author = {{Kinugawa}, Tomoya and {Inayoshi}, Kohei and {Hotokezaka}, Kenta and {Nakauchi}, Daisuke and {Nakamura}, Takashi},
        title = "{Possible indirect confirmation of the existence of Pop III massive stars by gravitational wave}",
      journal = {\mnras},
     keywords = {gravitational waves, binaries: general, Astrophysics - High Energy Astrophysical Phenomena, Astrophysics - Solar and Stellar Astrophysics, General Relativity and Quantum Cosmology},
         year = 2014,
        month = aug,
       volume = {442},
       number = {4},
        pages = {2963-2992},
          doi = {10.1093/mnras/stu1022},
archivePrefix = {arXiv},
       eprint = {1402.6672},
 primaryClass = {astro-ph.HE},
       adsurl = {https://ui.adsabs.harvard.edu/abs/2014MNRAS.442.2963K},
      adsnote = {Provided by the SAO/NASA Astrophysics Data System}
}

@ARTICLE{Belczynski2004,
       author = {{Belczynski}, Krzysztof and {Bulik}, Tomasz and {Rudak}, Bronislaw},
        title = "{The First Stellar Binary Black Holes: The Strongest Gravitational Wave Burst Sources}",
      journal = {\apjl},
     keywords = {Stars: Binaries: Close, Black Hole Physics, Gravitational Waves, Astrophysics, General Relativity and Quantum Cosmology},
         year = 2004,
        month = jun,
       volume = {608},
       number = {1},
        pages = {L45-L48},
          doi = {10.1086/422172},
archivePrefix = {arXiv},
       eprint = {astro-ph/0403361},
 primaryClass = {astro-ph},
       adsurl = {https://ui.adsabs.harvard.edu/abs/2004ApJ...608L..45B},
      adsnote = {Provided by the SAO/NASA Astrophysics Data System}
}

@ARTICLE{VanSon2022,
       author = {{van Son}, L.~A.~C. and {de Mink}, S.~E. and {Callister}, T. and {Justham}, S. and {Renzo}, M. and {Wagg}, T. and {Broekgaarden}, F.~S. and {Kummer}, F. and {Pakmor}, R. and {Mandel}, I.},
        title = "{The Redshift Evolution of the Binary Black Hole Merger Rate: A Weighty Matter}",
      journal = {\apj},
     keywords = {Stellar mass black holes, Gravitational wave sources, Close binary stars, Stellar evolution, Astrophysical black holes, 1611, 677, 254, 1599, 98, Astrophysics - High Energy Astrophysical Phenomena, Astrophysics - Astrophysics of Galaxies, General Relativity and Quantum Cosmology},
         year = 2022,
        month = may,
       volume = {931},
       number = {1},
          eid = {17},
        pages = {17},
          doi = {10.3847/1538-4357/ac64a3},
archivePrefix = {arXiv},
       eprint = {2110.01634},
 primaryClass = {astro-ph.HE},
       adsurl = {https://ui.adsabs.harvard.edu/abs/2022ApJ...931...17V},
      adsnote = {Provided by the SAO/NASA Astrophysics Data System}
}

@ARTICLE{Bavera2021,
       author = {{Bavera}, Simone S. and {Fragos}, Tassos and {Zevin}, Michael and {Berry}, Christopher P.~L. and {Marchant}, Pablo and {Andrews}, Jeff J. and {Coughlin}, Scott and {Dotter}, Aaron and {Kovlakas}, Konstantinos and {Misra}, Devina and {Serra-Perez}, Juan G. and {Qin}, Ying and {Rocha}, Kyle A. and {Rom{\'a}n-Garza}, Jaime and {Tran}, Nam H. and {Zapartas}, Emmanouil},
        title = "{The impact of mass-transfer physics on the observable properties of field binary black hole populations}",
      journal = {\aap},
     keywords = {black hole physics, gravitational waves, stars: black holes, binaries : close, stars: massive, Astrophysics - High Energy Astrophysical Phenomena, General Relativity and Quantum Cosmology},
         year = 2021,
        month = mar,
       volume = {647},
          eid = {A153},
        pages = {A153},
          doi = {10.1051/0004-6361/202039804},
archivePrefix = {arXiv},
       eprint = {2010.16333},
 primaryClass = {astro-ph.HE},
       adsurl = {https://ui.adsabs.harvard.edu/abs/2021A&A...647A.153B},
      adsnote = {Provided by the SAO/NASA Astrophysics Data System}
}


@ARTICLE{Zevin2020,
       author = {{Zevin}, Michael and {Spera}, Mario and {Berry}, Christopher P.~L. and {Kalogera}, Vicky},
        title = "{Exploring the Lower Mass Gap and Unequal Mass Regime in Compact Binary Evolution}",
      journal = {\apjl},
     keywords = {Gravitational waves, Gravitational wave sources, Neutron stars, Stellar mass black holes, Astrophysical black holes, Supernovae, Core-collapse supernovae, Stellar evolutionary models, 678, 677, 1108, 1611, 98, 1668, 304, 2046, Astrophysics - High Energy Astrophysical Phenomena, Astrophysics - Solar and Stellar Astrophysics, General Relativity and Quantum Cosmology},
         year = 2020,
        month = aug,
       volume = {899},
       number = {1},
          eid = {L1},
        pages = {L1},
          doi = {10.3847/2041-8213/aba74e},
archivePrefix = {arXiv},
       eprint = {2006.14573},
 primaryClass = {astro-ph.HE},
       adsurl = {https://ui.adsabs.harvard.edu/abs/2020ApJ...899L...1Z},
      adsnote = {Provided by the SAO/NASA Astrophysics Data System}
}

@ARTICLE{Dominik2012,
       author = {{Dominik}, Michal and {Belczynski}, Krzysztof and {Fryer}, Christopher and {Holz}, Daniel E. and {Berti}, Emanuele and {Bulik}, Tomasz and {Mandel}, Ilya and {O'Shaughnessy}, Richard},
        title = "{Double Compact Objects. I. The Significance of the Common Envelope on Merger Rates}",
      journal = {\apj},
     keywords = {binaries: general, black hole physics, stars: evolution, stars: neutron, Astrophysics - High Energy Astrophysical Phenomena, General Relativity and Quantum Cosmology},
         year = 2012,
        month = nov,
       volume = {759},
       number = {1},
          eid = {52},
        pages = {52},
          doi = {10.1088/0004-637X/759/1/52},
archivePrefix = {arXiv},
       eprint = {1202.4901},
 primaryClass = {astro-ph.HE},
       adsurl = {https://ui.adsabs.harvard.edu/abs/2012ApJ...759...52D},
      adsnote = {Provided by the SAO/NASA Astrophysics Data System}
}

@ARTICLE{Belczynski2016,
       author = {{Belczynski}, Krzysztof and {Repetto}, Serena and {Holz}, Daniel E. and {O'Shaughnessy}, Richard and {Bulik}, Tomasz and {Berti}, Emanuele and {Fryer}, Christopher and {Dominik}, Michal},
        title = "{Compact Binary Merger Rates: Comparison with LIGO/Virgo Upper Limits}",
      journal = {\apj},
     keywords = {binaries: close, gravitation, stars: evolution, stars: neutron, Astrophysics - High Energy Astrophysical Phenomena, General Relativity and Quantum Cosmology},
         year = 2016,
        month = mar,
       volume = {819},
       number = {2},
          eid = {108},
        pages = {108},
          doi = {10.3847/0004-637X/819/2/108},
archivePrefix = {arXiv},
       eprint = {1510.04615},
 primaryClass = {astro-ph.HE},
       adsurl = {https://ui.adsabs.harvard.edu/abs/2016ApJ...819..108B},
      adsnote = {Provided by the SAO/NASA Astrophysics Data System}
}

@ARTICLE{Belczynski2002,
       author = {{Belczynski}, Krzysztof and {Kalogera}, Vassiliki and {Bulik}, Tomasz},
        title = "{A Comprehensive Study of Binary Compact Objects as Gravitational Wave Sources: Evolutionary Channels, Rates, and Physical Properties}",
      journal = {\apj},
     keywords = {Stars: Binaries: Close, Black Hole Physics, Gravitational Waves, Stars: Evolution, Stars: Neutron, Astrophysics, General Relativity and Quantum Cosmology},
         year = 2002,
        month = jun,
       volume = {572},
       number = {1},
        pages = {407-431},
          doi = {10.1086/340304},
archivePrefix = {arXiv},
       eprint = {astro-ph/0111452},
 primaryClass = {astro-ph},
       adsurl = {https://ui.adsabs.harvard.edu/abs/2002ApJ...572..407B},
      adsnote = {Provided by the SAO/NASA Astrophysics Data System}
}

@ARTICLE{Tanikawa2022,
       author = {{Tanikawa}, Ataru and {Yoshida}, Takashi and {Kinugawa}, Tomoya and {Trani}, Alessandro A. and {Hosokawa}, Takashi and {Susa}, Hajime and {Omukai}, Kazuyuki},
        title = "{Merger Rate Density of Binary Black Holes through Isolated Population I, II, III and Extremely Metal-poor Binary Star Evolution}",
      journal = {\apj},
     keywords = {1611, 98, 678, 732, 1282, 1284, 1285, 254, Astrophysics - High Energy Astrophysical Phenomena, Astrophysics - Astrophysics of Galaxies, Astrophysics - Solar and Stellar Astrophysics},
         year = 2022,
        month = feb,
       volume = {926},
       number = {1},
          eid = {83},
        pages = {83},
          doi = {10.3847/1538-4357/ac4247},
archivePrefix = {arXiv},
       eprint = {2110.10846},
 primaryClass = {astro-ph.HE},
       adsurl = {https://ui.adsabs.harvard.edu/abs/2022ApJ...926...83T},
      adsnote = {Provided by the SAO/NASA Astrophysics Data System}
}

@ARTICLE{Miller2009,
       author = {{Miller}, M. Coleman and {Lauburg}, Vanessa M.},
        title = "{Mergers of Stellar-Mass Black Holes in Nuclear Star Clusters}",
      journal = {\apj},
     keywords = {black hole physics, galaxies: nuclei, gravitational waves, relativity, Astrophysics},
         year = 2009,
        month = feb,
       volume = {692},
       number = {1},
        pages = {917-923},
          doi = {10.1088/0004-637X/692/1/917},
archivePrefix = {arXiv},
       eprint = {0804.2783},
 primaryClass = {astro-ph},
       adsurl = {https://ui.adsabs.harvard.edu/abs/2009ApJ...692..917M},
      adsnote = {Provided by the SAO/NASA Astrophysics Data System}
}

@ARTICLE{Antonini2016,
       author = {{Antonini}, Fabio and {Rasio}, Frederic A.},
        title = "{Merging Black Hole Binaries in Galactic Nuclei: Implications for Advanced-LIGO Detections}",
      journal = {\apj},
     keywords = {galaxies: nuclei, gravitational waves, stars: black holes, Astrophysics - High Energy Astrophysical Phenomena, Astrophysics - Astrophysics of Galaxies},
         year = 2016,
        month = nov,
       volume = {831},
       number = {2},
          eid = {187},
        pages = {187},
          doi = {10.3847/0004-637X/831/2/187},
archivePrefix = {arXiv},
       eprint = {1606.04889},
 primaryClass = {astro-ph.HE},
       adsurl = {https://ui.adsabs.harvard.edu/abs/2016ApJ...831..187A},
      adsnote = {Provided by the SAO/NASA Astrophysics Data System}
}

@ARTICLE{Rodriguez2019,
       author = {{Rodriguez}, Carl L. and {Zevin}, Michael and {Amaro-Seoane}, Pau and {Chatterjee}, Sourav and {Kremer}, Kyle and {Rasio}, Frederic A. and {Ye}, Claire S.},
        title = "{Black holes: The next generation{\textemdash}repeated mergers in dense star clusters and their gravitational-wave properties}",
      journal = {\prd},
     keywords = {Astrophysics - High Energy Astrophysical Phenomena, General Relativity and Quantum Cosmology},
         year = 2019,
        month = aug,
       volume = {100},
       number = {4},
          eid = {043027},
        pages = {043027},
          doi = {10.1103/PhysRevD.100.043027},
archivePrefix = {arXiv},
       eprint = {1906.10260},
 primaryClass = {astro-ph.HE},
       adsurl = {https://ui.adsabs.harvard.edu/abs/2019PhRvD.100d3027R},
      adsnote = {Provided by the SAO/NASA Astrophysics Data System}
}

@ARTICLE{Rodriguez2015,
       author = {{Rodriguez}, Carl L. and {Morscher}, Meagan and {Pattabiraman}, Bharath and {Chatterjee}, Sourav and {Haster}, Carl-Johan and {Rasio}, Frederic A.},
        title = "{Binary Black Hole Mergers from Globular Clusters: Implications for Advanced LIGO}",
      journal = {\prl},
     keywords = {04.30.Db, 98.20.-d, Wave generation and sources, Stellar clusters and associations, Astrophysics - High Energy Astrophysical Phenomena, General Relativity and Quantum Cosmology},
         year = 2015,
        month = jul,
       volume = {115},
       number = {5},
          eid = {051101},
        pages = {051101},
          doi = {10.1103/PhysRevLett.115.051101},
archivePrefix = {arXiv},
       eprint = {1505.00792},
 primaryClass = {astro-ph.HE},
       adsurl = {https://ui.adsabs.harvard.edu/abs/2015PhRvL.115e1101R},
      adsnote = {Provided by the SAO/NASA Astrophysics Data System}
}

@ARTICLE{Rodriguez2016,
       author = {{Rodriguez}, Carl L. and {Chatterjee}, Sourav and {Rasio}, Frederic A.},
        title = "{Binary black hole mergers from globular clusters: Masses, merger rates, and the impact of stellar evolution}",
      journal = {\prd},
     keywords = {Astrophysics - High Energy Astrophysical Phenomena, Astrophysics - Astrophysics of Galaxies},
         year = 2016,
        month = apr,
       volume = {93},
       number = {8},
          eid = {084029},
        pages = {084029},
          doi = {10.1103/PhysRevD.93.084029},
archivePrefix = {arXiv},
       eprint = {1602.02444},
 primaryClass = {astro-ph.HE},
       adsurl = {https://ui.adsabs.harvard.edu/abs/2016PhRvD..93h4029R},
      adsnote = {Provided by the SAO/NASA Astrophysics Data System}
}

@ARTICLE{Samsing2014,
       author = {{Samsing}, Johan and {MacLeod}, Morgan and {Ramirez-Ruiz}, Enrico},
        title = "{The Formation of Eccentric Compact Binary Inspirals and the Role of Gravitational Wave Emission in Binary-Single Stellar Encounters}",
      journal = {\apj},
     keywords = {binaries: close, galaxies: star clusters: general, gravitational waves, stars: black holes, stars: kinematics and dynamics, stars: neutron, Astrophysics - High Energy Astrophysical Phenomena},
         year = 2014,
        month = mar,
       volume = {784},
       number = {1},
          eid = {71},
        pages = {71},
          doi = {10.1088/0004-637X/784/1/71},
archivePrefix = {arXiv},
       eprint = {1308.2964},
 primaryClass = {astro-ph.HE},
       adsurl = {https://ui.adsabs.harvard.edu/abs/2014ApJ...784...71S},
      adsnote = {Provided by the SAO/NASA Astrophysics Data System}
}

@ARTICLE{Downing2010,
       author = {{Downing}, J.~M.~B. and {Benacquista}, M.~J. and {Giersz}, M. and {Spurzem}, R.},
        title = "{Compact binaries in star clusters - I. Black hole binaries inside globular clusters}",
      journal = {\mnras},
     keywords = {gravitational waves, binaries: close, globular clusters: general, Astrophysics - Solar and Stellar Astrophysics, Astrophysics - High Energy Astrophysical Phenomena},
         year = 2010,
        month = sep,
       volume = {407},
       number = {3},
        pages = {1946-1962},
          doi = {10.1111/j.1365-2966.2010.17040.x},
archivePrefix = {arXiv},
       eprint = {0910.0546},
 primaryClass = {astro-ph.SR},
       adsurl = {https://ui.adsabs.harvard.edu/abs/2010MNRAS.407.1946D},
      adsnote = {Provided by the SAO/NASA Astrophysics Data System}
}

@ARTICLE{OLeary2006,
       author = {{O'Leary}, Ryan M. and {Rasio}, Frederic A. and {Fregeau}, John M. and {Ivanova}, Natalia and {O'Shaughnessy}, Richard},
        title = "{Binary Mergers and Growth of Black Holes in Dense Star Clusters}",
      journal = {\apj},
     keywords = {Black Hole Physics, Galaxies: Kinematics and Dynamics, Galaxies: Star Clusters, Gravitational Waves, Astrophysics},
         year = 2006,
        month = feb,
       volume = {637},
       number = {2},
        pages = {937-951},
          doi = {10.1086/498446},
archivePrefix = {arXiv},
       eprint = {astro-ph/0508224},
 primaryClass = {astro-ph},
       adsurl = {https://ui.adsabs.harvard.edu/abs/2006ApJ...637..937O},
      adsnote = {Provided by the SAO/NASA Astrophysics Data System}
}

@ARTICLE{PortegiesZwart2000,
       author = {{Portegies Zwart}, Simon F. and {McMillan}, Stephen L.~W.},
        title = "{Black Hole Mergers in the Universe}",
      journal = {\apjl},
     keywords = {STARS: BINARIES: CLOSE, GALAXY: GLOBULAR CLUSTERS: GENERAL, GRAVITATION, METHODS: N-BODY SIMULATIONS, STARS: EVOLUTION, STARS: KINEMATICS, Stars: Binaries: Close, Galaxy: Globular Clusters: General, Gravitation, Methods: n-Body Simulations, Stars: Evolution, Stars: Kinematics, Astrophysics},
         year = 2000,
        month = jan,
       volume = {528},
       number = {1},
        pages = {L17-L20},
          doi = {10.1086/312422},
archivePrefix = {arXiv},
       eprint = {astro-ph/9910061},
 primaryClass = {astro-ph},
       adsurl = {https://ui.adsabs.harvard.edu/abs/2000ApJ...528L..17P},
      adsnote = {Provided by the SAO/NASA Astrophysics Data System}
}

@ARTICLE{Mapelli2022,
       author = {{Mapelli}, Michela and {Bouffanais}, Yann and {Santoliquido}, Filippo and {Arca Sedda}, Manuel and {Artale}, M. Celeste},
        title = "{The cosmic evolution of binary black holes in young, globular, and nuclear star clusters: rates, masses, spins, and mixing fractions}",
      journal = {\mnras},
     keywords = {black hole physics, gravitational waves, stars: black holes, stars: kinematics and dynamics, galaxies: star clusters: general, Astrophysics - High Energy Astrophysical Phenomena, Astrophysics - Astrophysics of Galaxies, Astrophysics - Solar and Stellar Astrophysics, General Relativity and Quantum Cosmology},
         year = 2022,
        month = apr,
       volume = {511},
       number = {4},
        pages = {5797-5816},
          doi = {10.1093/mnras/stac422},
archivePrefix = {arXiv},
       eprint = {2109.06222},
 primaryClass = {astro-ph.HE},
       adsurl = {https://ui.adsabs.harvard.edu/abs/2022MNRAS.511.5797M},
      adsnote = {Provided by the SAO/NASA Astrophysics Data System}
}

@ARTICLE{Ziosi2014,
       author = {{Ziosi}, Brunetto Marco and {Mapelli}, Michela and {Branchesi}, Marica and {Tormen}, Giuseppe},
        title = "{Dynamics of stellar black holes in young star clusters with different metallicities - II. Black hole-black hole binaries}",
      journal = {\mnras},
     keywords = {black hole physics, gravitational waves, methods: numerical, binaries: general, galaxies: star clusters: general, Astrophysics - Astrophysics of Galaxies, Astrophysics - Cosmology and Nongalactic Astrophysics, Astrophysics - High Energy Astrophysical Phenomena, Astrophysics - Solar and Stellar Astrophysics, General Relativity and Quantum Cosmology},
         year = 2014,
        month = jul,
       volume = {441},
       number = {4},
        pages = {3703-3717},
          doi = {10.1093/mnras/stu824},
archivePrefix = {arXiv},
       eprint = {1404.7147},
 primaryClass = {astro-ph.GA},
       adsurl = {https://ui.adsabs.harvard.edu/abs/2014MNRAS.441.3703Z},
      adsnote = {Provided by the SAO/NASA Astrophysics Data System}
}


@ARTICLE{DiCarlo2020,
       author = {{Di Carlo}, Ugo N. and {Mapelli}, Michela and {Giacobbo}, Nicola and {Spera}, Mario and {Bouffanais}, Yann and {Rastello}, Sara and {Santoliquido}, Filippo and {Pasquato}, Mario and {Ballone}, Alessandro and {Trani}, Alessandro A. and {Torniamenti}, Stefano and {Haardt}, Francesco},
        title = "{Binary black holes in young star clusters: the impact of metallicity}",
      journal = {\mnras},
     keywords = {black hole physics, gravitational waves, methods: numerical, binaries: general, stars: kinematics and dynamics, galaxies: star clusters: general, Astrophysics - High Energy Astrophysical Phenomena, Astrophysics - Astrophysics of Galaxies, Astrophysics - Solar and Stellar Astrophysics},
         year = 2020,
        month = oct,
       volume = {498},
       number = {1},
        pages = {495-506},
          doi = {10.1093/mnras/staa2286},
archivePrefix = {arXiv},
       eprint = {2004.09525},
 primaryClass = {astro-ph.HE},
       adsurl = {https://ui.adsabs.harvard.edu/abs/2020MNRAS.498..495D},
      adsnote = {Provided by the SAO/NASA Astrophysics Data System}
}



@ARTICLE{Chattopadhyay2022,
       author = {{Chattopadhyay}, Debatri and {Hurley}, Jarrod and {Stevenson}, Simon and {Raidani}, Arihant},
        title = "{Dynamical double black holes and their host cluster properties}",
      journal = {\mnras},
     keywords = {star cluster, binary black hole, gravitational waves, Astrophysics - Astrophysics of Galaxies, Astrophysics - High Energy Astrophysical Phenomena, General Relativity and Quantum Cosmology},
         year = 2022,
        month = apr,
          doi = {10.1093/mnras/stac1163},
archivePrefix = {arXiv},
       eprint = {2202.08924},
 primaryClass = {astro-ph.GA},
       adsurl = {https://ui.adsabs.harvard.edu/abs/2022MNRAS.tmp.1136C},
      adsnote = {Provided by the SAO/NASA Astrophysics Data System}
}



@ARTICLE{Broekgaarden2021,
       author = {{Broekgaarden}, Floor S. and {Berger}, Edo and {Stevenson}, Simon and {Justham}, Stephen and {Mandel}, Ilya and {Chru{\'s}li{\'n}ska}, Martyna and {van Son}, Lieke A.~C. and {Wagg}, Tom and {Vigna-G{\'o}mez}, Alejandro and {de Mink}, Selma E. and {Chattopadhyay}, Debatri and {Neijssel}, Coenraad J.},
        title = "{Impact of Massive Binary Star and Cosmic Evolution on Gravitational Wave Observations II: Double Compact Object Rates and Properties}",
      journal = {arXiv e-prints},
     keywords = {Astrophysics - High Energy Astrophysical Phenomena, Astrophysics - Solar and Stellar Astrophysics},
         year = 2021,
        month = dec,
          eid = {arXiv:2112.05763},
        pages = {arXiv:2112.05763},
archivePrefix = {arXiv},
       eprint = {2112.05763},
 primaryClass = {astro-ph.HE},
       adsurl = {https://ui.adsabs.harvard.edu/abs/2021arXiv211205763B},
      adsnote = {Provided by the SAO/NASA Astrophysics Data System}
}



@ARTICLE{Planck2018,
       author = {{Planck Collaboration} and {Aghanim}, N. and {Akrami}, Y. and {Ashdown}, M. and {Aumont}, J. and {Baccigalupi}, C. and {Ballardini}, M. and {Banday}, A.~J. and {Barreiro}, R.~B. and {Bartolo}, N. and {Basak}, S. and {Battye}, R. and {Benabed}, K. and {Bernard}, J. -P. and {Bersanelli}, M. and {Bielewicz}, P. and {Bock}, J.~J. and {Bond}, J.~R. and {Borrill}, J. and {Bouchet}, F.~R. and {Boulanger}, F. and {Bucher}, M. and {Burigana}, C. and {Butler}, R.~C. and {Calabrese}, E. and {Cardoso}, J. -F. and {Carron}, J. and {Challinor}, A. and {Chiang}, H.~C. and {Chluba}, J. and {Colombo}, L.~P.~L. and {Combet}, C. and {Contreras}, D. and {Crill}, B.~P. and {Cuttaia}, F. and {de Bernardis}, P. and {de Zotti}, G. and {Delabrouille}, J. and {Delouis}, J. -M. and {Di Valentino}, E. and {Diego}, J.~M. and {Dor{\'e}}, O. and {Douspis}, M. and {Ducout}, A. and {Dupac}, X. and {Dusini}, S. and {Efstathiou}, G. and {Elsner}, F. and {En{\ss}lin}, T.~A. and {Eriksen}, H.~K. and {Fantaye}, Y. and {Farhang}, M. and {Fergusson}, J. and {Fernandez-Cobos}, R. and {Finelli}, F. and {Forastieri}, F. and {Frailis}, M. and {Fraisse}, A.~A. and {Franceschi}, E. and {Frolov}, A. and {Galeotta}, S. and {Galli}, S. and {Ganga}, K. and {G{\'e}nova-Santos}, R.~T. and {Gerbino}, M. and {Ghosh}, T. and {Gonz{\'a}lez-Nuevo}, J. and {G{\'o}rski}, K.~M. and {Gratton}, S. and {Gruppuso}, A. and {Gudmundsson}, J.~E. and {Hamann}, J. and {Handley}, W. and {Hansen}, F.~K. and {Herranz}, D. and {Hildebrandt}, S.~R. and {Hivon}, E. and {Huang}, Z. and {Jaffe}, A.~H. and {Jones}, W.~C. and {Karakci}, A. and {Keih{\"a}nen}, E. and {Keskitalo}, R. and {Kiiveri}, K. and {Kim}, J. and {Kisner}, T.~S. and {Knox}, L. and {Krachmalnicoff}, N. and {Kunz}, M. and {Kurki-Suonio}, H. and {Lagache}, G. and {Lamarre}, J. -M. and {Lasenby}, A. and {Lattanzi}, M. and {Lawrence}, C.~R. and {Le Jeune}, M. and {Lemos}, P. and {Lesgourgues}, J. and {Levrier}, F. and {Lewis}, A. and {Liguori}, M. and {Lilje}, P.~B. and {Lilley}, M. and {Lindholm}, V. and {L{\'o}pez-Caniego}, M. and {Lubin}, P.~M. and {Ma}, Y. -Z. and {Mac{\'\i}as-P{\'e}rez}, J.~F. and {Maggio}, G. and {Maino}, D. and {Mandolesi}, N. and {Mangilli}, A. and {Marcos-Caballero}, A. and {Maris}, M. and {Martin}, P.~G. and {Martinelli}, M. and {Mart{\'\i}nez-Gonz{\'a}lez}, E. and {Matarrese}, S. and {Mauri}, N. and {McEwen}, J.~D. and {Meinhold}, P.~R. and {Melchiorri}, A. and {Mennella}, A. and {Migliaccio}, M. and {Millea}, M. and {Mitra}, S. and {Miville-Desch{\^e}nes}, M. -A. and {Molinari}, D. and {Montier}, L. and {Morgante}, G. and {Moss}, A. and {Natoli}, P. and {N{\o}rgaard-Nielsen}, H.~U. and {Pagano}, L. and {Paoletti}, D. and {Partridge}, B. and {Patanchon}, G. and {Peiris}, H.~V. and {Perrotta}, F. and {Pettorino}, V. and {Piacentini}, F. and {Polastri}, L. and {Polenta}, G. and {Puget}, J. -L. and {Rachen}, J.~P. and {Reinecke}, M. and {Remazeilles}, M. and {Renzi}, A. and {Rocha}, G. and {Rosset}, C. and {Roudier}, G. and {Rubi{\~n}o-Mart{\'\i}n}, J.~A. and {Ruiz-Granados}, B. and {Salvati}, L. and {Sandri}, M. and {Savelainen}, M. and {Scott}, D. and {Shellard}, E.~P.~S. and {Sirignano}, C. and {Sirri}, G. and {Spencer}, L.~D. and {Sunyaev}, R. and {Suur-Uski}, A. -S. and {Tauber}, J.~A. and {Tavagnacco}, D. and {Tenti}, M. and {Toffolatti}, L. and {Tomasi}, M. and {Trombetti}, T. and {Valenziano}, L. and {Valiviita}, J. and {Van Tent}, B. and {Vibert}, L. and {Vielva}, P. and {Villa}, F. and {Vittorio}, N. and {Wandelt}, B.~D. and {Wehus}, I.~K. and {White}, M. and {White}, S.~D.~M. and {Zacchei}, A. and {Zonca}, A.},
        title = "{Planck 2018 results. VI. Cosmological parameters}",
      journal = {\aap},
     keywords = {cosmic background radiation, cosmological parameters, Astrophysics - Cosmology and Nongalactic Astrophysics},
         year = 2020,
        month = sep,
       volume = {641},
          eid = {A6},
        pages = {A6},
          doi = {10.1051/0004-6361/201833910},
archivePrefix = {arXiv},
       eprint = {1807.06209},
 primaryClass = {astro-ph.CO},
       adsurl = {https://ui.adsabs.harvard.edu/abs/2020A&A...641A...6P},
      adsnote = {Provided by the SAO/NASA Astrophysics Data System}
}

@ARTICLE{Breivik2020,
       author = {{Breivik}, Katelyn and {Coughlin}, Scott and {Zevin}, Michael and {Rodriguez}, Carl L. and {Kremer}, Kyle and {Ye}, Claire S. and {Andrews}, Jeff J. and {Kurkowski}, Michael and {Digman}, Matthew C. and {Larson}, Shane L. and {Rasio}, Frederic A.},
        title = "{COSMIC Variance in Binary Population Synthesis}",
      journal = {\apj},
     keywords = {Compact binary stars, Interacting binary stars, Stellar populations, Gravitational wave astronomy, 283, 801, 1622, 675, Astrophysics - High Energy Astrophysical Phenomena, Astrophysics - Solar and Stellar Astrophysics},
         year = 2020,
        month = jul,
       volume = {898},
       number = {1},
          eid = {71},
        pages = {71},
          doi = {10.3847/1538-4357/ab9d85},
archivePrefix = {arXiv},
       eprint = {1911.00903},
 primaryClass = {astro-ph.HE},
       adsurl = {https://ui.adsabs.harvard.edu/abs/2020ApJ...898...71B},
      adsnote = {Provided by the SAO/NASA Astrophysics Data System}
}



@ARTICLE{Andrews2018,
       author = {{Andrews}, Jeff J. and {Zezas}, Andreas and {Fragos}, Tassos},
        title = "{dart\_board: Binary Population Synthesis with Markov Chain Monte Carlo}",
      journal = {\apjs},
     keywords = {binaries: general, Magellanic Clouds, methods: statistical, X-rays: binaries, Astrophysics - High Energy Astrophysical Phenomena, Astrophysics - Solar and Stellar Astrophysics},
         year = 2018,
        month = jul,
       volume = {237},
       number = {1},
          eid = {1},
        pages = {1},
          doi = {10.3847/1538-4365/aaca30},
archivePrefix = {arXiv},
       eprint = {1710.11030},
 primaryClass = {astro-ph.HE},
       adsurl = {https://ui.adsabs.harvard.edu/abs/2018ApJS..237....1A},
      adsnote = {Provided by the SAO/NASA Astrophysics Data System}
}

@ARTICLE{Andrews2021,
       author = {{Andrews}, Jeff J. and {Cronin}, Julianne and {Kalogera}, Vicky and {Berry}, Christopher P.~L. and {Zezas}, Andreas},
        title = "{Targeted Modeling of GW150914's Binary Black Hole Source with Dart\_board}",
      journal = {\apjl},
     keywords = {Gravitational wave sources, LIGO, Binary stars, Interacting binary stars, 677, 920, 154, 801, Astrophysics - High Energy Astrophysical Phenomena, Astrophysics - Solar and Stellar Astrophysics, General Relativity and Quantum Cosmology},
         year = 2021,
        month = jun,
       volume = {914},
       number = {2},
          eid = {L32},
        pages = {L32},
          doi = {10.3847/2041-8213/ac00a6},
archivePrefix = {arXiv},
       eprint = {2011.13918},
 primaryClass = {astro-ph.HE},
       adsurl = {https://ui.adsabs.harvard.edu/abs/2021ApJ...914L..32A},
      adsnote = {Provided by the SAO/NASA Astrophysics Data System}
}

@article{Ashton2019,
  author        = {{Ashton}, Gregory and {H{\"u}bner}, Moritz and {Lasky}, Paul D. and {Talbot}, Colm and {Ackley}, Kendall and {Biscoveanu}, Sylvia and {Chu}, Qi and {Divakarla}, Atul and {Easter}, Paul J. and {Goncharov}, Boris and {Hernandez Vivanco}, Francisco and {Harms}, Jan and {Lower}, Marcus E. and {Meadors}, Grant D. and {Melchor}, Denyz and {Payne}, Ethan and {Pitkin}, Matthew D. and {Powell}, Jade and {Sarin}, Nikhil and {Smith}, Rory J.~E. and {Thrane}, Eric},
  title         = {{BILBY: A User-friendly Bayesian Inference Library for Gravitational-wave Astronomy}},
  journal       = {\apjs},
  keywords      = {gravitational waves, methods: data analysis, methods: statistical, stars: black holes, stars: neutron, Astrophysics - Instrumentation and Methods for Astrophysics, Astrophysics - High Energy Astrophysical Phenomena, General Relativity and Quantum Cosmology},
  year          = 2019,
  month         = apr,
  volume        = {241},
  number        = {2},
  eid           = {27},
  pages         = {27},
  doi           = {10.3847/1538-4365/ab06fc},
  archiveprefix = {arXiv},
  eprint        = {1811.02042},
  primaryclass  = {astro-ph.IM},
  adsurl        = {https://ui.adsabs.harvard.edu/abs/2019ApJS..241...27A},
  adsnote       = {Provided by the SAO/NASA Astrophysics Data System}
}

@misc{Luger2021,
  author       = {{Luger}, Rodrigo},
  title        = {showyourwork},
  year         = {2021},
  publisher    = {GitHub},
  journal      = {GitHub repository},
  howpublished = {\url{https://github.com/rodluger/showyourwork}},
  commit       = {main}
}

@article{Romero-Shaw2020,
  author        = {{Romero-Shaw}, I.~M. and {Talbot}, C. and {Biscoveanu}, S. and {D'Emilio}, V. and {Ashton}, G. and {Berry}, C.~P.~L. and {Coughlin}, S. and {Galaudage}, S. and {Hoy}, C. and {H{\"u}bner}, M. and {Phukon}, K.~S. and {Pitkin}, M. and {Rizzo}, M. and {Sarin}, N. and {Smith}, R. and {Stevenson}, S. and {Vajpeyi}, A. and {Ar{\`e}ne}, M. and {Athar}, K. and {Banagiri}, S. and {Bose}, N. and {Carney}, M. and {Chatziioannou}, K. and {Clark}, J.~A. and {Colleoni}, M. and {Cotesta}, R. and {Edelman}, B. and {Estell{\'e}s}, H. and {Garc{\'\i}a-Quir{\'o}s}, C. and {Ghosh}, Abhirup and {Green}, R. and {Haster}, C. -J. and {Husa}, S. and {Keitel}, D. and {Kim}, A.~X. and {Hernandez-Vivanco}, F. and {Maga{\~n}a Hernandez}, I. and {Karathanasis}, C. and {Lasky}, P.~D. and {De Lillo}, N. and {Lower}, M.~E. and {Macleod}, D. and {Mateu-Lucena}, M. and {Miller}, A. and {Millhouse}, M. and {Morisaki}, S. and {Oh}, S.~H. and {Ossokine}, S. and {Payne}, E. and {Powell}, J. and {Pratten}, G. and {P{\"u}rrer}, M. and {Ramos-Buades}, A. and {Raymond}, V. and {Thrane}, E. and {Veitch}, J. and {Williams}, D. and {Williams}, M.~J. and {Xiao}, L.},
  title         = {{Bayesian inference for compact binary coalescences with BILBY: validation and application to the first LIGO-Virgo gravitational-wave transient catalogue}},
  journal       = {\mnras},
  keywords      = {gravitational waves, methods: data analysis, stars: neutron, stars: black holes, transients: black hole mergers, transients: neutron star mergers, Astrophysics - Instrumentation and Methods for Astrophysics, General Relativity and Quantum Cosmology},
  year          = 2020,
  month         = dec,
  volume        = {499},
  number        = {3},
  pages         = {3295-3319},
  doi           = {10.1093/mnras/staa2850},
  archiveprefix = {arXiv},
  eprint        = {2006.00714},
  primaryclass  = {astro-ph.IM},
  adsurl        = {https://ui.adsabs.harvard.edu/abs/2020MNRAS.499.3295R},
  adsnote       = {Provided by the SAO/NASA Astrophysics Data System}
}

@article{GWTC-3,
  author        = {{The LIGO Scientific Collaboration} and {the Virgo Collaboration} and {the KAGRA Collaboration} and {Abbott}, R. and {Abbott}, T.~D. and {Acernese}, F. and {Ackley}, K. and {Adams}, C. and {Adhikari}, N. and {Adhikari}, R.~X. and et al.},
  title         = {{GWTC-3: Compact Binary Coalescences Observed by LIGO and Virgo During the Second Part of the Third Observing Run}},
  journal       = {arXiv e-prints},
  keywords      = {General Relativity and Quantum Cosmology, Astrophysics - High Energy Astrophysical Phenomena},
  year          = 2021,
  month         = nov,
  eid           = {arXiv:2111.03606},
  pages         = {arXiv:2111.03606},
  archiveprefix = {arXiv},
  eprint        = {2111.03606},
  primaryclass  = {gr-qc},
  adsurl        = {https://ui.adsabs.harvard.edu/abs/2021arXiv211103606T},
  adsnote       = {Provided by the SAO/NASA Astrophysics Data System}
}

@article{Veitch2015,
  author        = {{Veitch}, J. and {Raymond}, V. and {Farr}, B. and {Farr}, W. and {Graff}, P. and {Vitale}, S. and {Aylott}, B. and {Blackburn}, K. and {Christensen}, N. and {Coughlin}, M. and {Del Pozzo}, W. and {Feroz}, F. and {Gair}, J. and {Haster}, C. -J. and {Kalogera}, V. and {Littenberg}, T. and {Mandel}, I. and {O'Shaughnessy}, R. and {Pitkin}, M. and {Rodriguez}, C. and {R{\"o}ver}, C. and {Sidery}, T. and {Smith}, R. and {Van Der Sluys}, M. and {Vecchio}, A. and {Vousden}, W. and {Wade}, L.},
  title         = {{Parameter estimation for compact binaries with ground-based gravitational-wave observations using the LALInference software library}},
  journal       = {\prd},
  keywords      = {02.50.Tt, 04.30.-w, 95.85.Sz, Inference methods, Gravitational waves: theory, Gravitational radiation magnetic fields and other observations, General Relativity and Quantum Cosmology, Astrophysics - High Energy Astrophysical Phenomena, Astrophysics - Instrumentation and Methods for Astrophysics},
  year          = 2015,
  month         = feb,
  volume        = {91},
  number        = {4},
  eid           = {042003},
  pages         = {042003},
  doi           = {10.1103/PhysRevD.91.042003},
  archiveprefix = {arXiv},
  eprint        = {1409.7215},
  primaryclass  = {gr-qc},
  adsurl        = {https://ui.adsabs.harvard.edu/abs/2015PhRvD..91d2003V},
  adsnote       = {Provided by the SAO/NASA Astrophysics Data System}
}

@ARTICLE{Abbott2018,
       author = {{Abbott}, B.~P. and {Abbott}, R. and {Abbott}, T.~D. and {Abernathy}, M.~R. and {Acernese}, F. and {Ackley}, K. and {Adams}, C. and {Adams}, T. and others},
        title = "{Prospects for observing and localizing gravitational-wave transients with Advanced LIGO, Advanced Virgo and KAGRA}",
      journal = {Living Reviews in Relativity},
     keywords = {Gravitational waves, Gravitational-wave detectors, Electromagnetic counterparts, Data analysis, General Relativity and Quantum Cosmology, Astrophysics - High Energy Astrophysical Phenomena},
         year = 2018,
        month = apr,
       volume = {21},
       number = {1},
          eid = {3},
        pages = {3},
          doi = {10.1007/s41114-018-0012-9},
archivePrefix = {arXiv},
       eprint = {1304.0670},
 primaryClass = {gr-qc},
       adsurl = {https://ui.adsabs.harvard.edu/abs/2018LRR....21....3A},
      adsnote = {Provided by the SAO/NASA Astrophysics Data System}
}

@ARTICLE{LIGOScientificCollaboration2015,
       author = {{LIGO Scientific Collaboration} and {Aasi}, J. and {Abbott}, B.~P. and {Abbott}, R. and {Abbott}, T. and {Abernathy}, M.~R. and {Ackley}, K. and {Adams}, C. and {Adams}, T. and {Addesso}, P. and et al.},
        title = "{Advanced LIGO}",
      journal = {Classical and Quantum Gravity},
     keywords = {General Relativity and Quantum Cosmology, Astrophysics - Instrumentation and Methods for Astrophysics, Physics - Instrumentation and Detectors},
         year = 2015,
        month = apr,
       volume = {32},
       number = {7},
          eid = {074001},
        pages = {074001},
          doi = {10.1088/0264-9381/32/7/074001},
archivePrefix = {arXiv},
       eprint = {1411.4547},
 primaryClass = {gr-qc},
       adsurl = {https://ui.adsabs.harvard.edu/abs/2015CQGra..32g4001L},
      adsnote = {Provided by the SAO/NASA Astrophysics Data System}
}

@ARTICLE{Buikema2020,
       author = {{Buikema}, A. and {Cahillane}, C. and {Mansell}, G.~L. and {Blair}, C.~D. and {Abbott}, R. and {Adams}, C. and {Adhikari}, R.~X. and {Ananyeva}, A. and {Appert}, S. and others},
        title = "{Sensitivity and performance of the Advanced LIGO detectors in the third observing run}",
      journal = {\prd},
     keywords = {Astrophysics - Instrumentation and Methods for Astrophysics},
         year = 2020,
        month = sep,
       volume = {102},
       number = {6},
          eid = {062003},
        pages = {062003},
          doi = {10.1103/PhysRevD.102.062003},
archivePrefix = {arXiv},
       eprint = {2008.01301},
 primaryClass = {astro-ph.IM},
       adsurl = {https://ui.adsabs.harvard.edu/abs/2020PhRvD.102f2003B},
      adsnote = {Provided by the SAO/NASA Astrophysics Data System}
}

@ARTICLE{Tse2019,
       author = {{Tse}, M. and {Yu}, Haocun and {Kijbunchoo}, N. and {Fernandez-Galiana}, A. and {Dupej}, P. and {Barsotti}, L. and {Blair}, C.~D. and {Brown}, D.~D. and {Dwyer}, S.~E. and {Effler}, A. and et al.},
        title = "{Quantum-Enhanced Advanced LIGO Detectors in the Era of Gravitational-Wave Astronomy}",
      journal = {\prl},
         year = 2019,
        month = dec,
       volume = {123},
       number = {23},
          eid = {231107},
        pages = {231107},
          doi = {10.1103/PhysRevLett.123.231107},
       adsurl = {https://ui.adsabs.harvard.edu/abs/2019PhRvL.123w1107T},
      adsnote = {Provided by the SAO/NASA Astrophysics Data System}
}

@ARTICLE{Acernese2015,
       author = {{Acernese}, F. and {Agathos}, M. and {Agatsuma}, K. and {Aisa}, D. and {Allemandou}, N. and {Allocca}, A. and {Amarni}, J. and {Astone}, P. and {Balestri}, G. and {Ballardin}, G. and et al.},
        title = "{Advanced Virgo: a second-generation interferometric gravitational wave detector}",
      journal = {Classical and Quantum Gravity},
     keywords = {gravitational wave detectors, laser interferometry, gravitational waves, 04.80.Nn, 95.55.Ym, General Relativity and Quantum Cosmology, Physics - Instrumentation and Detectors},
         year = 2015,
        month = jan,
       volume = {32},
       number = {2},
          eid = {024001},
        pages = {024001},
          doi = {10.1088/0264-9381/32/2/024001},
archivePrefix = {arXiv},
       eprint = {1408.3978},
 primaryClass = {gr-qc},
       adsurl = {https://ui.adsabs.harvard.edu/abs/2015CQGra..32b4001A},
      adsnote = {Provided by the SAO/NASA Astrophysics Data System}
}

@ARTICLE{Acernese2019,
       author = {{Acernese}, F. and {Agathos}, M. and {Aiello}, L. and {Allocca}, A. and {Amato}, A. and {Ansoldi}, S. and {Antier}, S. and {Ar{\`e}ne}, M. and {Arnaud}, N. and {Ascenzi}, S. and et al.},
        title = "{Increasing the Astrophysical Reach of the Advanced Virgo Detector via the Application of Squeezed Vacuum States of Light}",
      journal = {\prl},
         year = 2019,
        month = dec,
       volume = {123},
       number = {23},
          eid = {231108},
        pages = {231108},
          doi = {10.1103/PhysRevLett.123.231108},
       adsurl = {https://ui.adsabs.harvard.edu/abs/2019PhRvL.123w1108A},
      adsnote = {Provided by the SAO/NASA Astrophysics Data System}
}

@ARTICLE{Aso2013,
       author = {{Aso}, Yoichi and {Michimura}, Yuta and {Somiya}, Kentaro and {Ando}, Masaki and {Miyakawa}, Osamu and {Sekiguchi}, Takanori and {Tatsumi}, Daisuke and {Yamamoto}, Hiroaki},
        title = "{Interferometer design of the KAGRA gravitational wave detector}",
      journal = {\prd},
     keywords = {95.55.Ym, 42.60.Da, Gravitational radiation detectors, mass spectrometers, and other instrumentation and techniques, Resonators cavities amplifiers arrays and rings, General Relativity and Quantum Cosmology, Physics - Optics},
         year = 2013,
        month = aug,
       volume = {88},
       number = {4},
          eid = {043007},
        pages = {043007},
          doi = {10.1103/PhysRevD.88.043007},
archivePrefix = {arXiv},
       eprint = {1306.6747},
 primaryClass = {gr-qc},
       adsurl = {https://ui.adsabs.harvard.edu/abs/2013PhRvD..88d3007A},
      adsnote = {Provided by the SAO/NASA Astrophysics Data System}
}

@ARTICLE{Akutsu2021,
       author = {{Akutsu}, T. and {Ando}, M. and {Arai}, K. and {Arai}, Y. and {Araki}, S. and {Araya}, A. and {Aritomi}, N. and {Aso}, Y. and {Bae}, S. and others},
        title = "{Overview of KAGRA: Detector design and construction history}",
      journal = {Progress of Theoretical and Experimental Physics},
     keywords = {F30, Physics - Instrumentation and Detectors, Astrophysics - Instrumentation and Methods for Astrophysics, General Relativity and Quantum Cosmology},
         year = 2021,
        month = may,
       volume = {2021},
       number = {5},
          eid = {05A101},
        pages = {05A101},
          doi = {10.1093/ptep/ptaa125},
archivePrefix = {arXiv},
       eprint = {2005.05574},
 primaryClass = {physics.ins-det},
       adsurl = {https://ui.adsabs.harvard.edu/abs/2021PTEP.2021eA101A},
      adsnote = {Provided by the SAO/NASA Astrophysics Data System}
}

@ARTICLE{Mandel2022,
       author = {{Mandel}, Ilya and {Broekgaarden}, Floor S.},
        title = "{Rates of compact object coalescences}",
      journal = {Living Reviews in Relativity},
     keywords = {Black holes, Neutron stars, Stellar binaries, Gravitational waves, Astrophysics - High Energy Astrophysical Phenomena, Astrophysics - Cosmology and Nongalactic Astrophysics},
         year = 2022,
        month = dec,
       volume = {25},
       number = {1},
          eid = {1},
        pages = {1},
          doi = {10.1007/s41114-021-00034-3},
archivePrefix = {arXiv},
       eprint = {2107.14239},
 primaryClass = {astro-ph.HE},
       adsurl = {https://ui.adsabs.harvard.edu/abs/2022LRR....25....1M},
      adsnote = {Provided by the SAO/NASA Astrophysics Data System}
}

@ARTICLE{Vitale2019,
       author = {{Vitale}, Salvatore and {Farr}, Will M. and {Ng}, Ken K.~Y. and {Rodriguez}, Carl L.},
        title = "{Measuring the Star Formation Rate with Gravitational Waves from Binary Black Holes}",
      journal = {\apjl},
     keywords = {Gravitational waves, Gravitational wave sources, Gravitational wave astronomy, Gravitational wave detectors, Star formation, Metallicity, Astrophysical black holes, Stellar mass black holes, 678, 677, 675, 676, 1569, 1031, 98, 1611, Astrophysics - High Energy Astrophysical Phenomena, General Relativity and Quantum Cosmology},
         year = 2019,
        month = nov,
       volume = {886},
       number = {1},
          eid = {L1},
        pages = {L1},
          doi = {10.3847/2041-8213/ab50c0},
archivePrefix = {arXiv},
       eprint = {1808.00901},
 primaryClass = {astro-ph.HE},
       adsurl = {https://ui.adsabs.harvard.edu/abs/2019ApJ...886L...1V},
      adsnote = {Provided by the SAO/NASA Astrophysics Data System}
}

@ARTICLE{Ng2021,
       author = {{Ng}, Ken K.~Y. and {Vitale}, Salvatore and {Farr}, Will M. and {Rodriguez}, Carl L.},
        title = "{Probing Multiple Populations of Compact Binaries with Third-generation Gravitational-wave Detectors}",
      journal = {\apjl},
     keywords = {Gravitational waves, Gravitational wave sources, Gravitational wave astronomy, 678, 677, 675, Astrophysics - Cosmology and Nongalactic Astrophysics, General Relativity and Quantum Cosmology},
         year = 2021,
        month = may,
       volume = {913},
       number = {1},
          eid = {L5},
        pages = {L5},
          doi = {10.3847/2041-8213/abf8be},
archivePrefix = {arXiv},
       eprint = {2012.09876},
 primaryClass = {astro-ph.CO},
       adsurl = {https://ui.adsabs.harvard.edu/abs/2021ApJ...913L...5N},
      adsnote = {Provided by the SAO/NASA Astrophysics Data System}
}

@ARTICLE{Zevin2021,
       author = {{Zevin}, Michael and {Bavera}, Simone S. and {Berry}, Christopher P.~L. and {Kalogera}, Vicky and {Fragos}, Tassos and {Marchant}, Pablo and {Rodriguez}, Carl L. and {Antonini}, Fabio and {Holz}, Daniel E. and {Pankow}, Chris},
        title = "{One Channel to Rule Them All? Constraining the Origins of Binary Black Holes Using Multiple Formation Pathways}",
      journal = {\apj},
     keywords = {Gravitational wave sources, Gravitational wave astronomy, Stellar mass black holes, LIGO, Stellar evolution, Compact objects, Bayesian statistics, 677, 675, 1611, 920, 1599, 288, 1900, Astrophysics - High Energy Astrophysical Phenomena, Astrophysics - Solar and Stellar Astrophysics, General Relativity and Quantum Cosmology},
         year = 2021,
        month = apr,
       volume = {910},
       number = {2},
          eid = {152},
        pages = {152},
          doi = {10.3847/1538-4357/abe40e},
archivePrefix = {arXiv},
       eprint = {2011.10057},
 primaryClass = {astro-ph.HE},
       adsurl = {https://ui.adsabs.harvard.edu/abs/2021ApJ...910..152Z},
      adsnote = {Provided by the SAO/NASA Astrophysics Data System}
}

@ARTICLE{Gallego-Garcia2021,
       author = {{Gallegos-Garcia}, Monica and {Berry}, Christopher P.~L. and {Marchant}, Pablo and {Kalogera}, Vicky},
        title = "{Binary Black Hole Formation with Detailed Modeling: Stable Mass Transfer Leads to Lower Merger Rates}",
      journal = {\apj},
     keywords = {677, 1611, 2046, 2155, 2154, Astrophysics - High Energy Astrophysical Phenomena, Astrophysics - Solar and Stellar Astrophysics},
         year = 2021,
        month = dec,
       volume = {922},
       number = {2},
          eid = {110},
        pages = {110},
          doi = {10.3847/1538-4357/ac2610},
archivePrefix = {arXiv},
       eprint = {2107.05702},
 primaryClass = {astro-ph.HE},
       adsurl = {https://ui.adsabs.harvard.edu/abs/2021ApJ...922..110G},
      adsnote = {Provided by the SAO/NASA Astrophysics Data System}
}




