@ARTICLE{Breivik2020,
       author = {{Breivik}, Katelyn and {Coughlin}, Scott and {Zevin}, Michael and {Rodriguez}, Carl L. and {Kremer}, Kyle and {Ye}, Claire S. and {Andrews}, Jeff J. and {Kurkowski}, Michael and {Digman}, Matthew C. and {Larson}, Shane L. and {Rasio}, Frederic A.},
        title = "{COSMIC Variance in Binary Population Synthesis}",
      journal = {\apj},
     keywords = {Compact binary stars, Interacting binary stars, Stellar populations, Gravitational wave astronomy, 283, 801, 1622, 675, Astrophysics - High Energy Astrophysical Phenomena, Astrophysics - Solar and Stellar Astrophysics},
         year = 2020,
        month = jul,
       volume = {898},
       number = {1},
          eid = {71},
        pages = {71},
          doi = {10.3847/1538-4357/ab9d85},
archivePrefix = {arXiv},
       eprint = {1911.00903},
 primaryClass = {astro-ph.HE},
       adsurl = {https://ui.adsabs.harvard.edu/abs/2020ApJ...898...71B},
      adsnote = {Provided by the SAO/NASA Astrophysics Data System}
}



@ARTICLE{Andrews2018,
       author = {{Andrews}, Jeff J. and {Zezas}, Andreas and {Fragos}, Tassos},
        title = "{dart\_board: Binary Population Synthesis with Markov Chain Monte Carlo}",
      journal = {\apjs},
     keywords = {binaries: general, Magellanic Clouds, methods: statistical, X-rays: binaries, Astrophysics - High Energy Astrophysical Phenomena, Astrophysics - Solar and Stellar Astrophysics},
         year = 2018,
        month = jul,
       volume = {237},
       number = {1},
          eid = {1},
        pages = {1},
          doi = {10.3847/1538-4365/aaca30},
archivePrefix = {arXiv},
       eprint = {1710.11030},
 primaryClass = {astro-ph.HE},
       adsurl = {https://ui.adsabs.harvard.edu/abs/2018ApJS..237....1A},
      adsnote = {Provided by the SAO/NASA Astrophysics Data System}
}

@ARTICLE{Andrews2021,
       author = {{Andrews}, Jeff J. and {Cronin}, Julianne and {Kalogera}, Vicky and {Berry}, Christopher P.~L. and {Zezas}, Andreas},
        title = "{Targeted Modeling of GW150914's Binary Black Hole Source with Dart\_board}",
      journal = {\apjl},
     keywords = {Gravitational wave sources, LIGO, Binary stars, Interacting binary stars, 677, 920, 154, 801, Astrophysics - High Energy Astrophysical Phenomena, Astrophysics - Solar and Stellar Astrophysics, General Relativity and Quantum Cosmology},
         year = 2021,
        month = jun,
       volume = {914},
       number = {2},
          eid = {L32},
        pages = {L32},
          doi = {10.3847/2041-8213/ac00a6},
archivePrefix = {arXiv},
       eprint = {2011.13918},
 primaryClass = {astro-ph.HE},
       adsurl = {https://ui.adsabs.harvard.edu/abs/2021ApJ...914L..32A},
      adsnote = {Provided by the SAO/NASA Astrophysics Data System}
}

@article{Ashton2019,
  author        = {{Ashton}, Gregory and {H{\"u}bner}, Moritz and {Lasky}, Paul D. and {Talbot}, Colm and {Ackley}, Kendall and {Biscoveanu}, Sylvia and {Chu}, Qi and {Divakarla}, Atul and {Easter}, Paul J. and {Goncharov}, Boris and {Hernandez Vivanco}, Francisco and {Harms}, Jan and {Lower}, Marcus E. and {Meadors}, Grant D. and {Melchor}, Denyz and {Payne}, Ethan and {Pitkin}, Matthew D. and {Powell}, Jade and {Sarin}, Nikhil and {Smith}, Rory J.~E. and {Thrane}, Eric},
  title         = {{BILBY: A User-friendly Bayesian Inference Library for Gravitational-wave Astronomy}},
  journal       = {\apjs},
  keywords      = {gravitational waves, methods: data analysis, methods: statistical, stars: black holes, stars: neutron, Astrophysics - Instrumentation and Methods for Astrophysics, Astrophysics - High Energy Astrophysical Phenomena, General Relativity and Quantum Cosmology},
  year          = 2019,
  month         = apr,
  volume        = {241},
  number        = {2},
  eid           = {27},
  pages         = {27},
  doi           = {10.3847/1538-4365/ab06fc},
  archiveprefix = {arXiv},
  eprint        = {1811.02042},
  primaryclass  = {astro-ph.IM},
  adsurl        = {https://ui.adsabs.harvard.edu/abs/2019ApJS..241...27A},
  adsnote       = {Provided by the SAO/NASA Astrophysics Data System}
}

@misc{Luger2021,
  author       = {{Luger}, Rodrigo},
  title        = {showyourwork},
  year         = {2021},
  publisher    = {GitHub},
  journal      = {GitHub repository},
  howpublished = {\url{https://github.com/rodluger/showyourwork}},
  commit       = {main}
}

@article{Romero-Shaw2020,
  author        = {{Romero-Shaw}, I.~M. and {Talbot}, C. and {Biscoveanu}, S. and {D'Emilio}, V. and {Ashton}, G. and {Berry}, C.~P.~L. and {Coughlin}, S. and {Galaudage}, S. and {Hoy}, C. and {H{\"u}bner}, M. and {Phukon}, K.~S. and {Pitkin}, M. and {Rizzo}, M. and {Sarin}, N. and {Smith}, R. and {Stevenson}, S. and {Vajpeyi}, A. and {Ar{\`e}ne}, M. and {Athar}, K. and {Banagiri}, S. and {Bose}, N. and {Carney}, M. and {Chatziioannou}, K. and {Clark}, J.~A. and {Colleoni}, M. and {Cotesta}, R. and {Edelman}, B. and {Estell{\'e}s}, H. and {Garc{\'\i}a-Quir{\'o}s}, C. and {Ghosh}, Abhirup and {Green}, R. and {Haster}, C. -J. and {Husa}, S. and {Keitel}, D. and {Kim}, A.~X. and {Hernandez-Vivanco}, F. and {Maga{\~n}a Hernandez}, I. and {Karathanasis}, C. and {Lasky}, P.~D. and {De Lillo}, N. and {Lower}, M.~E. and {Macleod}, D. and {Mateu-Lucena}, M. and {Miller}, A. and {Millhouse}, M. and {Morisaki}, S. and {Oh}, S.~H. and {Ossokine}, S. and {Payne}, E. and {Powell}, J. and {Pratten}, G. and {P{\"u}rrer}, M. and {Ramos-Buades}, A. and {Raymond}, V. and {Thrane}, E. and {Veitch}, J. and {Williams}, D. and {Williams}, M.~J. and {Xiao}, L.},
  title         = {{Bayesian inference for compact binary coalescences with BILBY: validation and application to the first LIGO-Virgo gravitational-wave transient catalogue}},
  journal       = {\mnras},
  keywords      = {gravitational waves, methods: data analysis, stars: neutron, stars: black holes, transients: black hole mergers, transients: neutron star mergers, Astrophysics - Instrumentation and Methods for Astrophysics, General Relativity and Quantum Cosmology},
  year          = 2020,
  month         = dec,
  volume        = {499},
  number        = {3},
  pages         = {3295-3319},
  doi           = {10.1093/mnras/staa2850},
  archiveprefix = {arXiv},
  eprint        = {2006.00714},
  primaryclass  = {astro-ph.IM},
  adsurl        = {https://ui.adsabs.harvard.edu/abs/2020MNRAS.499.3295R},
  adsnote       = {Provided by the SAO/NASA Astrophysics Data System}
}

@article{GWTC-3,
  author        = {{The LIGO Scientific Collaboration} and {the Virgo Collaboration} and {the KAGRA Collaboration} and {Abbott}, R. and {Abbott}, T.~D. and {Acernese}, F. and {Ackley}, K. and {Adams}, C. and {Adhikari}, N. and {Adhikari}, R.~X. and et al.},
  title         = {{GWTC-3: Compact Binary Coalescences Observed by LIGO and Virgo During the Second Part of the Third Observing Run}},
  journal       = {arXiv e-prints},
  keywords      = {General Relativity and Quantum Cosmology, Astrophysics - High Energy Astrophysical Phenomena},
  year          = 2021,
  month         = nov,
  eid           = {arXiv:2111.03606},
  pages         = {arXiv:2111.03606},
  archiveprefix = {arXiv},
  eprint        = {2111.03606},
  primaryclass  = {gr-qc},
  adsurl        = {https://ui.adsabs.harvard.edu/abs/2021arXiv211103606T},
  adsnote       = {Provided by the SAO/NASA Astrophysics Data System}
}

@article{Veitch2015,
  author        = {{Veitch}, J. and {Raymond}, V. and {Farr}, B. and {Farr}, W. and {Graff}, P. and {Vitale}, S. and {Aylott}, B. and {Blackburn}, K. and {Christensen}, N. and {Coughlin}, M. and {Del Pozzo}, W. and {Feroz}, F. and {Gair}, J. and {Haster}, C. -J. and {Kalogera}, V. and {Littenberg}, T. and {Mandel}, I. and {O'Shaughnessy}, R. and {Pitkin}, M. and {Rodriguez}, C. and {R{\"o}ver}, C. and {Sidery}, T. and {Smith}, R. and {Van Der Sluys}, M. and {Vecchio}, A. and {Vousden}, W. and {Wade}, L.},
  title         = {{Parameter estimation for compact binaries with ground-based gravitational-wave observations using the LALInference software library}},
  journal       = {\prd},
  keywords      = {02.50.Tt, 04.30.-w, 95.85.Sz, Inference methods, Gravitational waves: theory, Gravitational radiation magnetic fields and other observations, General Relativity and Quantum Cosmology, Astrophysics - High Energy Astrophysical Phenomena, Astrophysics - Instrumentation and Methods for Astrophysics},
  year          = 2015,
  month         = feb,
  volume        = {91},
  number        = {4},
  eid           = {042003},
  pages         = {042003},
  doi           = {10.1103/PhysRevD.91.042003},
  archiveprefix = {arXiv},
  eprint        = {1409.7215},
  primaryclass  = {gr-qc},
  adsurl        = {https://ui.adsabs.harvard.edu/abs/2015PhRvD..91d2003V},
  adsnote       = {Provided by the SAO/NASA Astrophysics Data System}
}

